@inproceedings{och2003minimum,
  title={Minimum error rate training in statistical machine translation},
  author={Och, Franz Josef},
  booktitle={Proceedings of the 41st Annual Meeting on Association for Computational Linguistics-Volume 1},
  pages={160--167},
  year={2003},
  organization={Association for Computational Linguistics}
}

@inproceedings{macherey2008lattice,
  title={Lattice-based minimum error rate training for statistical machine translation},
  author={Macherey, Wolfgang and Och, Franz Josef and Thayer, Ignacio and Uszkoreit, Jakob},
  booktitle={Proceedings of the Conference on Empirical Methods in Natural Language Processing},
  pages={725--734},
  year={2008},
  organization={Association for Computational Linguistics}
}

@book{Manning:2008:IIR:1394399,
 author = {Manning, Christopher D. and Raghavan, Prabhakar and Sch\"{u}tze, Hinrich},
 title = {Introduction to Information Retrieval},
 year = {2008},
 isbn = {0521865719, 9780521865715},
 publisher = {Cambridge University Press},
 address = {New York, NY, USA},
} 
@book{koehn2010statistical,
  title={Statistical machine translation},
  author={Koehn, Philipp},
  year={2010},
  publisher={Cambridge University Press}
}

@inproceedings{socher2012semantic,
  title={Semantic compositionality through recursive matrix-vector spaces},
  author={Socher, Richard and Huval, Brody and Manning, Christopher D and Ng, Andrew Y},
  booktitle={Proceedings of the 2012 Joint Conference on Empirical Methods in Natural Language Processing and Computational Natural Language Learning},
  pages={1201--1211},
  year={2012},
  organization={Association for Computational Linguistics}
}
@article{scikit-learn,
 title={Scikit-learn: Machine Learning in {P}ython},
 author={Pedregosa, F. and Varoquaux, G. and Gramfort, A. and Michel, V.
         and Thirion, B. and Grisel, O. and Blondel, M. and Prettenhofer, P.
         and Weiss, R. and Dubourg, V. and Vanderplas, J. and Passos, A. and
         Cournapeau, D. and Brucher, M. and Perrot, M. and Duchesnay, E.},
 journal={Journal of Machine Learning Research},
 volume={12},
 pages={2825--2830},
 year={2011}
}
@inproceedings{hermann2013role,
  title={The role of syntax in vector space models of compositional semantics},
  author={Hermann, Karl Moritz and Blunsom, Phil}
}

@inproceedings{rehurek_lrec,
      title = {{Software Framework for Topic Modelling with Large Corpora}},
      author = {Radim {\v R}eh{\r u}{\v r}ek and Petr Sojka},
      booktitle = {{Proceedings of the LREC 2010 Workshop on New
           Challenges for NLP Frameworks}},
      pages = {45--50},
      year = 2010,
      month = May,
      day = 22,
      publisher = {ELRA},
      address = {Valletta, Malta},
      note={\url{http://is.muni.cz/publication/884893/en}},
      language={English}
}
@inproceedings{heafield2011kenlm,
  title={KenLM: Faster and smaller language model queries},
  author={Heafield, Kenneth},
  booktitle={Proceedings of the Sixth Workshop on Statistical Machine Translation},
  pages={187--197},
  year={2011},
  organization={Association for Computational Linguistics}
}

@article{turney2010frequency,
  title={From frequency to meaning: Vector space models of semantics},
  author={Turney, Peter D and Pantel, Patrick and others},
  journal={Journal of artificial intelligence research},
  volume={37},
  number={1},
  pages={141--188},
  year={2010}
}

@inproceedings{Allauzen:2003:GAC:1075096.1075102,
 author = {Allauzen, Cyril and Mohri, Mehryar and Roark, Brian},
 title = {Generalized Algorithms for Constructing Statistical Language Models},
 booktitle = {Proceedings of the 41st Annual Meeting on Association for Computational Linguistics - Volume 1},
 series = {ACL '03},
 year = {2003},
 location = {Sapporo, Japan},
 pages = {40--47},
 numpages = {8},
 url = {http://dx.doi.org/10.3115/1075096.1075102},
 doi = {10.3115/1075096.1075102},
 acmid = {1075102},
 publisher = {Association for Computational Linguistics},
 address = {Stroudsburg, PA, USA},
}
@incollection{knight1998translation,
  title={Translation with finite-state devices},
  author={Knight, Kevin and Al-Onaizan, Yaser},
  booktitle={Machine translation and the information soup},
  pages={421--437},
  year={1998},
  publisher={Springer}
}
